@misc{povray,
  title        = {{POV-Ray: Persistence of Vision Raytracer}},
  howpublished = {\url{https://www.povray.org/}},
  note         = {Accessed: 2024-05-03}
}

@misc{100_seamless_textures,
  title        = {100 Seamless Textures},
  author       = {Open Game Textures},
  howpublished = {OpenGameArt.org},
  year         = {2024},
  note         = {Public Domain. Available at: \url{https://opengameart.org/content/100-seamless-textures}},
  url          = {https://opengameart.org/content/100-seamless-textures}
}

@inproceedings{perlin2001improving,
  title={Improving noise},
  author={Perlin, Ken},
  booktitle={Proceedings of the 28th annual conference on Computer graphics and interactive techniques},
  pages={681--682},
  year={2001},
  organization={ACM}
}

@misc{pycairo,
  title        = {Pycairo},
  author       = {James Henstridge},
  howpublished = {Python package},
  url          = {https://www.cairographics.org/pycairo/},
  note         = {Accessed: 2024-05-04}
}

@inproceedings{dosovitskiy2017carla,
  title={CARLA: An Open Urban Driving Simulator},
  author={Dosovitskiy, Alexey and Ros, German and Codevilla, Felipe and Lopez, Antonio and Koltun, Vladlen},
  booktitle={Proceedings of the 1st Annual Conference on Robot Learning},
  pages={1--16},
  year={2017}
}

@article{openai2018dexterous,
  title={Learning Dexterous In-Hand Manipulation},
  author={OpenAI, et al.},
  journal={ArXiv},
  volume={abs/1808.00177},
  year={2018}
}
